<?xml version="1.0" encoding="UTF-8"?><collection xmlns="http://www.loc.gov/MARC21/slim"><record><leader>00363nam--2200133-i-4500</leader><controlfield tag="001">000030064</controlfield><controlfield tag="002">20161230</controlfield><controlfield tag="005">20161230201038</controlfield><controlfield tag="008">060222s1000------------r-----000-0-eng-d</controlfield><datafield ind1=" " ind2=" " tag="080"><subfield code="a">621.391</subfield></datafield><datafield ind1=" " ind2=" " tag="100"><subfield code="a">Lucky, R.W., Salz, J.And Weldon, E.J</subfield></datafield><datafield ind1=" " ind2=" " tag="245"><subfield code="a">Principles of data communication</subfield></datafield><datafield ind1=" " ind2=" " tag="260"><subfield code="a">New York, Mcgraw-hill Book Co., 1968, Viii + 433p</subfield></datafield><datafield ind1=" " ind2=" " tag="852"><subfield code="a">28971</subfield></datafield></record></collection>